@misc{isaksson_2020,
  author="Isaksson, Martin",
  title="Martin's blog --- Top 10 LaTeX packages for academic writing",
  year=2020,
  url="https://blog.martisak.se/2020/05/03/top-ten-latex-packages/",
  note = "[Online; accessed 2021-04-12]"
}